<collection xmlns="http://www.loc.gov/MARC21/slim">
<record>
  <leader>01766nam0a22003011i 450 </leader>
  <controlfield tag="001">IT\ICCU\CNCE\060901</controlfield>
  <controlfield tag="005">20050809000000.0</controlfield>
  <datafield tag="012" ind1=" " ind2=" ">
    <subfield code="a">lian e,o- zohe nota (C) 1569 (A)</subfield>
    <subfield code="2">fei</subfield>
  </datafield>
  <datafield tag="100" ind1=" " ind2=" ">
    <subfield code="a">20050803d1569        0itac0103    ba</subfield>
  </datafield>
  <datafield tag="101" ind1=" " ind2=" ">
    <subfield code="a">ITA</subfield>
  </datafield>
  <datafield tag="102" ind1=" " ind2=" ">
    <subfield code="a">IT</subfield>
  </datafield>
  <datafield tag="200" ind1="1" ind2=" ">
    <subfield code="a">℗I ℗sei libri de&apos; reali di Franza, ne&apos; quali si contiene la geneologia degli imperadori, re, duchi, principi, marchesi, baroni, &amp; paladini di Franza : con le prodezze e battaglie da loro fatte. Cominciando da Costantino imperadore, per insino ad Orlando conte d&apos;Anglante</subfield>
  </datafield>
  <datafield tag="205" ind1=" " ind2=" ">
    <subfield code="a">Nuouamente historiati, &amp; con somma diligenza ristampati &amp; corretti</subfield>
  </datafield>
  <datafield tag="210" ind1=" " ind2=" ">
    <subfield code="a">\Brescia!</subfield>
    <subfield code="c">appresso Damiano Turlino</subfield>
    <subfield code="e">Stampati in Bressa</subfield>
    <subfield code="g">per Damiano Turlino</subfield>
    <subfield code="h">1569</subfield>
  </datafield>
  <datafield tag="215" ind1=" " ind2=" ">
    <subfield code="a">430 (i.e. 432), 16 p.</subfield>
    <subfield code="c">ill.; 4ʻ</subfield>
  </datafield>
  <datafield tag="300" ind1=" " ind2=" ">
    <subfield code="a">Per l&apos;autore cfr.: Michel &amp; Michel, vol. 1, pag. 47</subfield>
  </datafield>
  <datafield tag="620" ind1=" " ind2=" ">
    <subfield code="a">IT</subfield>
    <subfield code="d">Brescia</subfield>
  </datafield>
  <datafield tag="700" ind1=" " ind2="0">
    <subfield code="a">Andrea</subfield>
    <subfield code="c"> : da#Barberino</subfield>
    <subfield code="3">IT\ICCU\CNCA\000694</subfield>
  </datafield>
  <datafield tag="712" ind1="0" ind2="0">
    <subfield code="a">Turlino, Damiano</subfield>
    <subfield code="3">IT\ICCU\CNCT\000234</subfield>
    <subfield code="4">650</subfield>
  </datafield>
  <datafield tag="790" ind1=" " ind2="1">
    <subfield code="a">Mangiabotti,</subfield>
    <subfield code="b">Andrea</subfield>
    <subfield code="3">IT\ICCU\CNCA\012526</subfield>
    <subfield code="z">Andrea : da#Barberino</subfield>
  </datafield>
  <datafield tag="791" ind1="0" ind2="0">
    <subfield code="a">Turlinis, Damianus de</subfield>
    <subfield code="3">IT\ICCU\CNCT\004144</subfield>
    <subfield code="z">Turlino, Damiano</subfield>
  </datafield>
  <datafield tag="791" ind1="0" ind2="0">
    <subfield code="a">Turlinus, Damianus</subfield>
    <subfield code="3">IT\ICCU\CNCT\005604</subfield>
    <subfield code="z">Turlino, Damiano</subfield>
  </datafield>
  <datafield tag="791" ind1="0" ind2="0">
    <subfield code="a">Turlini, Damiano</subfield>
    <subfield code="3">IT\ICCU\CNCT\005605</subfield>
    <subfield code="z">Turlino, Damiano</subfield>
  </datafield>
  <datafield tag="801" ind1=" " ind2="3">
    <subfield code="a">IT</subfield>
    <subfield code="b">ICCU</subfield>
    <subfield code="c">20201115</subfield>
  </datafield>
  <datafield tag="899" ind1=" " ind2=" ">
    <subfield code="a">Biblioteca del Seminario Vescovile della Facolt ̉Teologica del Triveneto dell&apos;Istituto Filosofico Aloisianum. Padova</subfield>
    <subfield code="1">PD0073</subfield>
    <subfield code="2">PUV 01</subfield>
  </datafield>
  <datafield tag="899" ind1=" " ind2=" ">
    <subfield code="a">Collezione privata Casagrande. San Don ̉di Piave</subfield>
    <subfield code="z">MUTILO</subfield>
    <subfield code="1">VE0259</subfield>
    <subfield code="2">ZVE 20</subfield>
  </datafield>
  <datafield tag="911" ind1=" " ind2=" ">
    <subfield code="a">Sul front</subfield>
    <subfield code="9">IT\ICCU\CNCM\000722</subfield>
  </datafield>
  <datafield tag="921" ind1=" " ind2=" ">
    <subfield code="a">IT\ICCU\CNCM\000722</subfield>
    <subfield code="b">Aquila ad ali spiegate tiene con gli artigli un libro aperto. In cornice figurata</subfield>
    <subfield code="c">Q3</subfield>
    <subfield code="c">Z116</subfield>
    <subfield code="d">Dimensioni: 6 x 6</subfield>
    <subfield code="f">AQUILA</subfield>
    <subfield code="f">LIBRO</subfield>
    <subfield code="g">1564-1595</subfield>
  </datafield>
</record>
</collection>
